
@article{ReferenceKey,
   author = {Foo Bar and Hansli Meier},
   title = {asdfTitle of the article},
   year = 2001,
   journal = {Journal where the article has been published},
   volume = {volume of the journal},
   pages = {12--77}
   }

@article{asdf,
   author = {Foo Bar and Hansli Meier},
   title = {asdfTitle of the article},
   year = 2002,
   journal = {Journal where the article has been published},
   volume = {volume of the journal},
   pages = {12--77}
   }

@Book{Buhl93,
  author = 	 "Peter Buhlmann",
  title = 	 "Halli",
  publisher = 	 "Springer",
  year = 	 1995
}

