@book{McLGP00,
	author = "Geoffrey McLachlan and David Peel",
	title = "Finite Mixture Models",
	publisher = "John Wiley \& Sons, Inc.",
	year = "2000",
	series = "Wiley Series in Probability and Statistics",
	address = "New York"
}
